%%%%%%%%%%%%%%%%%%%%%%% Comments %%%%%%%%%%%%%%%%%%%%%%%%
%% BibTeX can accept names in "forename surname" or "surname, forename".
%% to tell BibTeX when a reference has more than one author by putting the keyword "and" in between every author.
%%%%%%%%%%%%%%%%%%%%%%% Bibliography %%%%%%%%%%%%%%%%%%%%%%%

@article{tao2017,
author = {{陶攀, 付忠良, 朱锴}, 王莉莉},
doi = {10.11772/j.issn.1001-9081.2017.05.1434},
journal = {计算机应用},
number = {5},
pages = {1434--1438},
title = {基于深度学习的超声心动图切面识别方法},
url = {http://www.joca.cn/CN/10.11772/j.issn.1001-9081.2017.05.1434},
volume = {37},
year = {2017}
}
@article{tao2017ha,
author = {{陶攀, 付忠良}, 朱锴},
doi = {10.11918/j.issn.0367-6254.201612087},
journal = {哈尔滨工业大学学报},
number = {11},
pages = {8--13},
title = {空间金字塔分解的深度可视化方法},
volume = {49},
year = {2017}
}
@misc{tao2015,
author = {纪祥虎 and 高斯聪 and 陶攀 and 王莉莉},
institution = {中科院成都信息技术股份有限公司},
title = {用于统计形状模型的特征点辅助标注方法},
url = {https://www.google.com/patents/CN105205827A?cl=zh},
year = {2015}
}
@incollection{Pan2016,
author = {Pan, Tao and Zhongliang, Fu and Lili, Wang and Kai, Zhu},
booktitle = {Pattern Recognition},
doi = {10.1007/978-981-10-3005-5_11},
editor = {Tan, Tieniu and Li, Xuelong and Chen, Xilin and Zhou, Jie and Yan, Jian and Cheng, Hong},
keywords = {encoder-decoder,perceptual loss,residual denoising},
pages = {122--132},
publisher = {Springer Singapore},
title = {{Perceptual Loss with Fully Convolutional for Image Residual Denoising}},
url = {http://link.springer.com/10.1007/978-981-10-3005-5{\_}11},
year = {2016}
}





